=LDR  02035 am a2200493 a 4500
=001  012974436
=003  Uk
=005  20041015161636.0
=006  m\\\\|\\\d\|\\\\\\
=007  co|cg|||||||||
=008  040822s2003\\\\enk\\\\\s\\\\o000\0\eng\\
=FMT  \\$a  BK
=015  \\$aGBA471033$2bnb
=040  \\$aUk$beng$cUk
=042  \\$aukblsr
=082  04$a020.71042$222
=110  1\$aGreat Britain.$bDepartment for Education and Skills.
=245  10$aICT and schools research and evaluation series$h[electronic resource] /$cDepartment for Education and Skills.
=260  \\$a[London] :$bHMSO,$c2003.
=300  \\$a1 CD-ROM$bcol.$c4 3/4 in.
=336  \\$atext$2rdacontent
=337  \\$acomputer$2rdamedia
=338  \\$acomputer disc$2rdacarrier
=490  1\$aICT in schools research and evaluation series
=538  \\$aSystem requirements: IBM compatible PC; Pentium 166 MHz processor or later; 32+ MB RAM; Windows 95 or later; Adobe Acrobat 4.0 or later.
=538  \\$aSystem requirements: Macintosh; PowerPC; 40+ MB RAM; OS 8.1 or later; Adobe Acrobat 4.0 or later.
=500  \\$aTitle from CD-ROM label.
=520  \\$a"This CD-ROM includes copies of the 18 reports that have, so far, been published in the ICT in schools research and evaluation series"--Intro.
=530  \\$aAlso issued in print format.
=500  \\$a"DfES/0795/2003"
=650  \0$aInformation technology$xStudy and teaching$zGreat Britain$xEvaluation.
=856  40$uwww.dfes.gov.uk/ictinschools
=856  40$uwww.becta.org.uk/research
=830  \0$aICT in schools research and evaluation series
=852  41$aBritish Library$bHMNTS$cSPHOA$hSPR.CD.195
=985  \\$aRecord amended for WR# 13/070
=CAT  \\$a6156$b40$c20040822$lBLL01$h1324
=CAT  \\$a7332$b40$c20040930$lBLL01$h1700
=CAT  \\$a7332$b40$c20041015$lBLL01$h1616
=CAT  \\$aUE-01$b00$c20041028$lBLL01$h1347
=CAT  \\$aBATCH$b00$c20091217$lBLL01$h0325
=CAT  \\$aWR13_070$b00$c20130504$lBLL01$h0234
=FIN  \\$aY
=LAS  \\$aWR13_070$b00$c20130504$lBLL01$h0234

