=LDR  01909cam a2200529 a 4500
=001  015698748
=003  Uk
=005  20110401130526.0
=008  090403s2008\\\\it\a\\\\\bc\\\001\0\ita\d
=FMT  \\$a  BK
=020  \\$a9788884538949 (pbk.)
=020  \\$a8884538947 (pbk.)
=035  \\$a(OCoLC)0317921279
=035  \\$a(ItFiC)it09709266
=035  \\$a(OCoLC)321043637
=040  \\$aHLS$beng$cHLS$dGEBAY$dUk
=042  \\$aukblsr
=043  \\$ae-it---
=050  14$aZ242.I3$bF35 2009
=245  00$aFalse date :$brepertorio delle licenze di stampa veneziane con falso luogo di edizione (1740-1797) /$ca cura di Patrizia Bravetti e Orfea Granzotto ; introduzione di Mario Infelise.
=260  \\$aFirenze :$bFirenze University Press,$c2008.
=300  \\$a283 p. :$bill. ;$c24 cm.
=336  \\$atext$2rdacontent
=337  \\$aunmediated$2rdamedia
=338  \\$avolume$2rdacarrier
=490  0\$aFonti storiche e letterarie. Edizioni cartacee e digitale ;$v21
=504  \\$aIncludes bibliographical references (p. [33]-36) and indexes.
=650  \0$aFictitious imprints$zItaly$zItaly$zVenice$xHistory$y18th century.
=650  \0$aFictitious imprints$zItaly$zVenice$vCatalogs.
=650  \0$aPrinting$zItaly$zVenice$xHistory$y18th century.
=648  \7$aGeschichte 1740-1797$2swd
=650  07$aDruckort$2swd
=650  07$aFälschung$2swd
=650  07$aZensur$2swd
=651  \7$aVenedig$2swd
=700  1\$aBravetti, P.$q(Patrizia).
=700  1\$aGranzotto, Orfea.
=856  42$uhttp://digital.casalini.it/9788884538956
=852  11$aBritish Library$bHMNTS$kRAR$h014.51
=CAT  \\$a11375$b40$c20101119$lBLL01$h1442
=CAT  \\$a7483$b40$c20110401$lBLL01$h1305
=CAT  \\$aW2308-1659$c20230923$lBLL01$h1102
=CAT  \\$aBATCH-UPD$b00$c20230926$lBLL01$h0420
=FIN  \\$aY$d20110401
=SID  \\$aZ39$bLOC
=SID  \\$aZ39$bOCLC
=LAS  \\$aBATCH-UPD$b00$c20230926$lBLL01$h0420

