=LDR  01342 am a22003617a 4500
=001  014533136
=003  Uk
=005  20080229114210.0
=006  m\\\\|\\\d\|\\\\\\
=007  cr||||||||||||
=008  080228s2006\\\\enka\\\\rb\\\\000\0\eng\\
=FMT  \\$a  BK
=040  \\$aUk$beng$cUk
=245  04$aThe destitution trap :$bresearch into destitution among refused asylum seekers in the UK.
=260  \\$aLondon :$bRefugee Action,$c2006.
=336  \\$atext$2rdacontent
=337  \\$acomputer$2rdamedia
=338  \\$aonline resource$2rdacarrier
=538  \\$aMode of access: World Wide Web.
=538  \\$aSystem requirements: Adobe Acrobat Reader.
=500  \\$aTitle from PDF title page (viewed on 29 Feb., 2008).
=533  \\$aPrintout.$b[London :$cBritish Library,$d2008]$e130 p. : ill. ; 30 cm.$nPrinted from web site (28 Feb., 2008).
=516  \\$aText (PDF).
=504  \\$aIncludes bibliographical references.
=650  \0$aPolitical refugees$zGreat Britain.
=650  \0$aPoverty$zGreat Britain.
=710  2\$aRefugee Action.
=856  41$uhttp://www.refugee-action.org.uk/campaigns/documents/RA_DestReport_Final_LR.pdf
=852  41$aBritish Library$bDSC$m08/.15231
=CAT  \\$a10731$b40$c20080228$lBLL01$h1348
=CAT  \\$a8141$b40$c20080229$lBLL01$h1142
=FIN  \\$aY$d20080229
=LAS  \\$a8141$b40$c20080229$lBLL01$h1142

